<?xml version="1.0" encoding="UTF-8"?><collection xmlns="http://www.loc.gov/MARC21/slim"><record><leader>00512nam--2200193-u-4500</leader><controlfield tag="001">000055916</controlfield><controlfield tag="002">20161230</controlfield><controlfield tag="005">20161230201052</controlfield><controlfield tag="008">130816s1000------------r-----000-0-rus-d</controlfield><datafield ind1=" " ind2=" " tag="040"><subfield code="a">IFIN-HH</subfield></datafield><datafield ind1=" " ind2=" " tag="041"><subfield code="a">rus</subfield></datafield><datafield ind1=" " ind2=" " tag="080"><subfield code="a">519.4/5:520.9</subfield></datafield><datafield ind1="1" ind2=" " tag="100"><subfield code="a">Bostan, I.A</subfield></datafield><datafield ind1="1" ind2="0" tag="245"><subfield code="a">Planetarnie pretessionnie peredaci</subfield><subfield code="c">I.a. bostan, k.b. glusko, a.g. opria, v.e. dulgeru</subfield></datafield><datafield ind1=" " ind2=" " tag="260"><subfield code="a">Kisinev</subfield><subfield code="b">Stiinta</subfield><subfield code="c">1987</subfield></datafield><datafield ind1=" " ind2=" " tag="300"><subfield code="a">154P</subfield></datafield><datafield ind1="1" ind2=" " tag="700"><subfield code="a">Dulgeru, V.E</subfield></datafield><datafield ind1=" " ind2=" " tag="852"><subfield code="a">74194</subfield><subfield code="c">519.4/5</subfield></datafield><datafield ind1=" " ind2=" " tag="CAT"><subfield code="a">Sys</subfield><subfield code="c">20130816</subfield><subfield code="h">141514</subfield></datafield></record></collection>